<record><leader>00000cas a22000007a 4500</leader><controlfield tag="001">23660255</controlfield><controlfield tag="008">910429d196419uupr uu ne      0    0spa d</controlfield><datafield ind1=" " ind2=" " tag="010"><subfield code="a">sn 91099736 </subfield></datafield><datafield ind1=" " ind2=" " tag="040"><subfield code="a">PNN</subfield><subfield code="b">eng</subfield><subfield code="c">PNN</subfield><subfield code="d">OCLCQ</subfield></datafield><datafield ind1=" " ind2=" " tag="042"><subfield code="a">msc</subfield></datafield><datafield ind1="0" ind2=" " tag="130"><subfield code="a">Tiempo (Aibonito, P.R.)</subfield></datafield><datafield ind1="1" ind2="3" tag="245"><subfield code="a">El tiempo.</subfield></datafield><datafield ind1=" " ind2=" " tag="260"><subfield code="a">Aibonito, P.R. :</subfield><subfield code="b">[s.n.]</subfield></datafield><datafield ind1=" " ind2=" " tag="300"><subfield code="a">v.</subfield></datafield><datafield ind1="1" ind2=" " tag="362"><subfield code="a">Began in 1964?</subfield></datafield><datafield ind1=" " ind2=" " tag="588"><subfield code="a">Description based on: Vol. 1, Nu&#769;m. 4 (mayo-junio, 1964).</subfield></datafield><datafield ind1=" " ind2=" " tag="752"><subfield code="a">United States</subfield><subfield code="b">Puerto Rico</subfield><subfield code="d">Aibonito.</subfield></datafield></record>